<?xml version="1.0" encoding="UTF-8"?>
<collection xmlns:xsi="http://www.w3.org/2001/XMLSchema-instance" xsi:schemaLocation="http://www.loc.gov/MARC21/slim http://www.loc.gov/standards/marcxml/schema/MARC21slim.xsd" xmlns="http://www.loc.gov/MARC21/slim">
<record>
  <leader>00977cam a2200229Mi 4500</leader>
  <controlfield tag="001">3122433</controlfield>
  <controlfield tag="003">NNC</controlfield>
  <controlfield tag="005">20151019143211.0</controlfield>
  <controlfield tag="008">930720s1904    ua            000 0 ara d</controlfield>
  <datafield tag="035" ind1=" " ind2=" ">
    <subfield code="a">(OCoLC)ocm33995926</subfield>
  </datafield>
  <datafield tag="035" ind1=" " ind2=" ">
    <subfield code="9">ATV4731CU</subfield>
  </datafield>
  <datafield tag="035" ind1=" " ind2=" ">
    <subfield code="a">(NNC)3122433</subfield>
  </datafield>
  <datafield tag="040" ind1=" " ind2=" ">
    <subfield code="a">HLS</subfield>
    <subfield code="c">HLS</subfield>
    <subfield code="d">OCL</subfield>
    <subfield code="d">ZCU</subfield>
  </datafield>
  <datafield tag="099" ind1=" " ind2=" ">
    <subfield code="a">893.7992</subfield>
    <subfield code="a">W898</subfield>
  </datafield>
  <datafield tag="100" ind1="1" ind2=" ">
    <subfield code="a">Wortabet, John,</subfield>
    <subfield code="d">1827-1908.</subfield>
  </datafield>
  <datafield tag="245" ind1="1" ind2="0">
    <subfield code="a">Waṣāyā al-shuyūkh lil-shubbān :</subfield>
    <subfield code="b">khiṭāb li-ṭalabat al-ʻilm fī al-jalsah al-iḥtifālīyah lil-Madrasah al-Kullīyah al-Sūrīyah fī 11 Tammūz sanat 1894 /</subfield>
    <subfield code="c">Li-Yūḥannā Wurtabāt.</subfield>
  </datafield>
  <datafield tag="246" ind1="3" ind2=" ">
    <subfield code="a">Khiṭāb li-ṭalabat al-ʻilm fī al-jalsah al-iḥtifālīyah lil-Madrasah al-Kullīyah al-Sūrīyah fī 11 Tammūz sanat 1894</subfield>
  </datafield>
  <datafield tag="260" ind1=" " ind2=" ">
    <subfield code="a">Miṣr:</subfield>
    <subfield code="b">Maṭbaʻat al-Hilāl,</subfield>
    <subfield code="c">1904</subfield>
  </datafield>
  <datafield tag="300" ind1=" " ind2=" ">
    <subfield code="a">16 p. ;</subfield>
    <subfield code="c">20 cm.</subfield>
  </datafield>
  <datafield tag="500" ind1=" " ind2=" ">
    <subfield code="a">"Naqlan ʻan Jarīdat Thamarāt al-Funūn al-gharrāʾ."</subfield>
  </datafield>
  <datafield tag="710" ind1="2" ind2=" ">
    <subfield code="a">Madrasat al-Kullīyah al-Sūrīyah.</subfield>
  </datafield>
  <datafield tag="955" ind1=" " ind2=" ">
    <subfield code="b">0040277640</subfield>
    <subfield code="d">glx</subfield>
    <subfield code="e">893.7992 W898</subfield>
  </datafield>
</record>
</collection>